@inproceedings{rezaei2021prediction,
  title={Prediction and Detection of car accidents in video by deep learning},
  author={Rezaei, Zahra and Ebrahimpour-Komleh, Hossein},
  booktitle={2021 5th International Conference on Pattern Recognition and Image Analysis (IPRIA)},
  pages={1--9},
  year={2021},
  organization={IEEE}
}
@incollection{singh2020plantdoc,
  title={PlantDoc: a dataset for visual plant disease detection},
  author={Singh, Davinder and Jain, Naman and Jain, Pranjali and Kayal, Pratik and Kumawat, Sudhakar and Batra, Nipun},
  booktitle={Proceedings of the 7th ACM IKDD CoDS and 25th COMAD},
  pages={249--253},
  year={2020}
}
@article{mohanty2016using,
  title={Using deep learning for image-based plant disease detection},
  author={Mohanty, Sharada P and Hughes, David P and Salath{\'e}, Marcel},
  journal={Frontiers in plant science},
  volume={7},
  pages={1419},
  year={2016},
  publisher={Frontiers Media SA}
}
@article{saleem2020plant,
  title={Plant disease classification: A comparative evaluation of convolutional neural networks and deep learning optimizers},
  author={Saleem, Muhammad Hammad and Potgieter, Johan and Arif, Khalid Mahmood},
  journal={Plants},
  volume={9},
  number={10},
  pages={1319},
  year={2020},
  publisher={MDPI}
}

@online{kaggledatasetPlantville,
  title={PlantVillage Dataset in Kaggle},
  author={Abdallah Ali},
  year={2022},
  url={https://www.kaggle.com/datasets/abdallahalidev/plantvillage-dataset},
  urldate={2022-07-06}
}
@online{kaggledatasetPlantDoc,
  title={Plant Doc Dataset in Kaggle},
  author={Abdul Hasib Uddin},
  year={2022},
  url={https://www.kaggle.com/datasets/abdulhasibuddin/plant-doc-dataset},
  urldate={2022-07-06}
}